@article{bertschinger1985self,
  title={Self-similar secondary infall and accretion in an Einstein-de Sitter universe},
  author={Bertschinger, E},
  journal={The Astrophysical Journal Supplement Series},
  volume={58},
  pages={39--65},
  year={1985}
}

@article{ade2016planck,
  title={Planck 2015 results-xiii. cosmological parameters},
  author={Ade, Peter AR and Aghanim, N and Arnaud, M and Ashdown, M and Aumont, J and Baccigalupi, C and Banday, AJ and Barreiro, RB and Bartlett, JG and Bartolo, N and others},
  journal={Astronomy \& Astrophysics},
  volume={594},
  pages={A13},
  year={2016},
  publisher={EDP Sciences}
}


@article{rees1977cooling,
  title={Cooling, dynamics and fragmentation of massive gas clouds: clues to the masses and radii of galaxies and clusters},
  author={Rees, Martin J and Ostriker, JP},
  journal={Monthly Notices of the Royal Astronomical Society},
  volume={179},
  number={4},
  pages={541--559},
  year={1977},
  publisher={Oxford University Press Oxford, UK}
}

@article{white1978core,
  title={Core condensation in heavy halos: a two-stage theory for galaxy formation and clustering},
  author={White, Simon DM and Rees, Martin J},
  journal={Monthly Notices of the Royal Astronomical Society},
  volume={183},
  number={3},
  pages={341--358},
  year={1978},
  publisher={Oxford University Press Oxford, UK}
}

@article{fall1980formation,
  title={Formation and rotation of disc galaxies with haloes},
  author={Fall, S Michael and Efstathiou, George},
  journal={Monthly Notices of the Royal Astronomical Society},
  volume={193},
  number={2},
  pages={189--206},
  year={1980},
  publisher={Oxford University Press Oxford, UK}
}

@article{blumenthal1984formation,
  title={Formation of galaxies and large-scale structure with cold dark matter},
  author={Blumenthal, George R and Faber, SM and Primack, Joel R and Rees, Martin J},
  journal={Nature},
  volume={311},
  number={5986},
  pages={517},
  year={1984},
  publisher={Nature Publishing Group}
}


@article{kravtsov2004dark,
  title={The dark side of the halo occupation distribution},
  author={Kravtsov, Andrey V and Berlind, Andreas A and Wechsler, Risa H and Klypin, Anatoly A and Gottl{\"o}ber, Stefan and Allgood, Brandon and Primack, Joel R},
  journal={The Astrophysical Journal},
  volume={609},
  number={1},
  pages={35},
  year={2004},
  publisher={IOP Publishing}
}

@article{gunn1972infall,
  title={On the infall of matter into clusters of galaxies and some effects on their evolution},
  author={Gunn, James E and Gott III, J Richard},
  journal={The Astrophysical Journal},
  volume={176},
  pages={1},
  year={1972}
}

@article{diemer2013pseudo,
  title={The pseudo-evolution of halo mass},
  author={Diemer, Benedikt and More, Surhud and Kravtsov, Andrey V},
  journal={The Astrophysical Journal},
  volume={766},
  number={1},
  pages={25},
  year={2013},
  publisher={IOP Publishing}
}

@article{diemer2014dependence,
  title={Dependence of the outer density profiles of halos on their mass accretion rate},
  author={Diemer, Benedikt and Kravtsov, Andrey V},
  journal={The Astrophysical Journal},
  volume={789},
  number={1},
  pages={1},
  year={2014},
  publisher={IOP Publishing}
}

@article{adhikari2014splashback,
  title={Splashback in accreting dark matter halos},
  author={Adhikari, Susmita and Dalal, Neal and Chamberlain, Robert T},
  journal={Journal of Cosmology and Astroparticle Physics},
  volume={2014},
  number={11},
  pages={019},
  year={2014},
  publisher={IOP Publishing}
}

@article{lithwick2011self,
  title={Self-similar solutions of triaxial dark matter halos},
  author={Lithwick, Yoram and Dalal, Neal},
  journal={The Astrophysical Journal},
  volume={734},
  number={2},
  pages={100},
  year={2011},
  publisher={IOP Publishing}
}

@article{miyatake2016evidence,
  title={Evidence of halo assembly bias in massive clusters},
  author={Miyatake, Hironao and More, Surhud and Takada, Masahiro and Spergel, David N and Mandelbaum, Rachel and Rykoff, Eli S and Rozo, Eduardo},
  journal={Physical Review Letters},
  volume={116},
  number={4},
  pages={041301},
  year={2016},
  publisher={APS}
}

@ARTICLE{Hoshino:2015,
   author = {{Hoshino}, H. and {Leauthaud}, A. and {Lackner}, C. and {Hikage}, C. and
	{Rozo}, E. and {Rykoff}, E. and {Mandelbaum}, R. and {More}, S. and
	{More}, A. and {Saito}, S. and {Vulcani}, B.},
    title = "{Luminous red galaxies in clusters: central occupation, spatial distributions and miscentring}",
  journal = {\mnras},
archivePrefix = "arXiv",
   eprint = {1503.05200},
 keywords = {galaxies: clusters: general},
     year = 2015,
    month = sep,
   volume = 452,
    pages = {998-1013},
      doi = {10.1093/mnras/stv1271},
   adsurl = {http://adsabs.harvard.edu/abs/2015MNRAS.452..998H},
  adsnote = {Provided by the SAO/NASA Astrophysics Data System}
}



@ARTICLE{Skibba:2011,
   author = {{Skibba}, R.~A. and {van den Bosch}, F.~C. and {Yang}, X. and
	{More}, S. and {Mo}, H. and {Fontanot}, F.},
    title = "{Are brightest halo galaxies central galaxies?}",
  journal = {\mnras},
archivePrefix = "arXiv",
   eprint = {1001.4533},
 keywords = {methods: statistical, galaxies: clusters: general, galaxies: haloes, galaxies: kinematics and dynamics, dark matter},
     year = 2011,
    month = jan,
   volume = 410,
    pages = {417-431},
      doi = {10.1111/j.1365-2966.2010.17452.x},
   adsurl = {http://adsabs.harvard.edu/abs/2011MNRAS.410..417S},
  adsnote = {Provided by the SAO/NASA Astrophysics Data System}
}



@ARTICLE{HuKravtsov:2003,
   author = {{Hu}, W. and {Kravtsov}, A.~V.},
    title = "{Sample Variance Considerations for Cluster Surveys}",
  journal = {\apj},
   eprint = {astro-ph/0203169},
 keywords = {Cosmology: Cosmological Parameters, Cosmology: Theory, Galaxies: Clusters: General, Cosmology: Large-Scale Structure of Universe},
     year = 2003,
    month = feb,
   volume = 584,
    pages = {702-715},
      doi = {10.1086/345846},
   adsurl = {http://adsabs.harvard.edu/abs/2003ApJ...584..702H},
  adsnote = {Provided by the SAO/NASA Astrophysics Data System}
}

@article{more2015splashback,
  title={The splashback radius as a physical halo boundary and the growth of halo mass},
  author={More, Surhud and Diemer, Benedikt and Kravtsov, Andrey V},
  journal={The Astrophysical Journal},
  volume={810},
  number={1},
  pages={36},
  year={2015},
  publisher={IOP Publishing}
}


@article{rykoff2014redmapper,
  title={redMaPPer. I. ALGORITHM AND SDSS DR8 CATALOG},
  author={Rykoff, ES and Rozo, E and Busha, MT and Cunha, CE and Finoguenov, A and Evrard, A and Hao, J and Koester, BP and Leauthaud, A and Nord, B and others},
  journal={The Astrophysical Journal},
  volume={785},
  number={2},
  pages={104},
  year={2014},
  publisher={IOP Publishing}
}

@article{rozo2015redmapper,
  title={redMaPPer--IV. Photometric membership identification of red cluster galaxies with 1 per cent precision},
  author={Rozo, Eduardo and Rykoff, Eli S and Becker, Matthew and Reddick, Rachel M and Wechsler, Risa H},
  journal={Monthly Notices of the Royal Astronomical Society},
  volume={453},
  number={1},
  pages={38--52},
  year={2015},
  publisher={Oxford University Press}
}

@article{more2016detection,
  title={Detection of the splashback radius and halo assembly bias of massive galaxy clusters},
  author={More, Surhud and Miyatake, Hironao and Takada, Masahiro and Diemer, Benedikt and Kravtsov, Andrey V and Dalal, Neal K and More, Anupreeta and Murata, Ryoma and Mandelbaum, Rachel and Rozo, Eduardo and others},
  journal={The Astrophysical Journal},
  volume={825},
  number={1},
  pages={39},
  year={2016},
  publisher={IOP Publishing}
}

@article{klypin2016multidark,
  title={MultiDark simulations: the story of dark matter halo concentrations and density profiles},
  author={Klypin, Anatoly and Yepes, Gustavo and Gottl{\"o}ber, Stefan and Prada, Francisco and He{\ss}, Steffen},
  journal={Monthly Notices of the Royal Astronomical Society},
  volume={457},
  number={4},
  pages={4340--4359},
  year={2016},
  publisher={The Royal Astronomical Society}
}

@article{collaboration2016planck,
  title={Planck 2015 results. XXVII. The second Planck catalogue of Sunyaev-Zeldovich sources},
  author={Ade, PAR and Aghanim, N and Arnaud, M and Ashdown, M and Aumont, J and Baccigalupi, C and Banday, AJ and Barreiro, RB and Barrena, R and others},
  journal={Astronomy \& Astrophysics},
  year={2016},
  publisher={EDP Sciences}
}


@article{adhikari2016observing,
  title={Observing dynamical friction in galaxy clusters},
  author={Adhikari, Susmita and Dalal, Neal and Clampitt, Joseph},
  journal={Journal of Cosmology and Astroparticle Physics},
  volume={2016},
  number={07},
  pages={022},
  year={2016},
  publisher={IOP Publishing}
}

@article{kahlhoefer2013colliding,
  title={Colliding clusters and dark matter self-interactions},
  author={Kahlhoefer, Felix and Schmidt-Hoberg, Kai and Frandsen, Mads T and Sarkar, Subir},
  journal={Monthly Notices of the Royal Astronomical Society},
  volume={437},
  number={3},
  pages={2865--2881},
  year={2013},
  publisher={The Royal Astronomical Society}
}

@article{chambers2016pan,
  title={The Pan-STARRS1 Surveys},
  author={Chambers, Kenneth C and Magnier, EA and Metcalfe, N and Flewelling, HA and Huber, ME and Waters, CZ and Denneau, L and Draper, PW and Farrow, D and Finkbeiner, DP and others},
  journal={arXiv preprint arXiv:1612.05560},
  year={2016}
}

@article{magnier2016pan,
  title={Pan-STARRS Data Processing System},
  author={Magnier, Eugene A and Chambers, KC and Flewelling, HA and Hoblitt, JC and Huber, ME and Price, PA and Sweeney, WE and Waters, CZ and Denneau, L and Draper, P and others},
  journal={arXiv preprint arXiv:1612.05240},
  year={2016}
}

@article{waters2016pan,
  title={Pan-Starrs Pixel Processing: Detrending, Warping, Stacking},
  author={Waters, CZ and Magnier, EA and Price, PA and Chambers, KC and Draper, P and Flewelling, HA and Hodapp, KW and Huber, ME and Jedicke, R and Kaiser, N and others},
  journal={arXiv preprint arXiv:1612.05245},
  year={2016}
}

@article{magnier2016pan,
  title={Pan-STARRS Pixel Analysis: Source Detection \& Characterization},
  author={Magnier, Eugene A and Sweeney, WE and Chambers, KC and Flewelling, HA and Huber, ME and Price, PA and Waters, CZ and Denneau, L and Draper, P and Jedicke, R and others},
  journal={arXiv preprint arXiv:1612.05244},
  year={2016}
}

@article{magnier2016pan,
  title={Pan-STARRS Photometric and Astrometric Calibration},
  author={Magnier, Eugene and Schlafly, Edward and Finkbeiner, Douglas P and Tonry, JL and Goldman, B and R{\"o}ser, S and Schilbach, E and Chambers, KC and Flewelling, HA and Huber, ME and others},
  journal={arXiv preprint arXiv:1612.05242},
  year={2016}
}

@article{flewelling2016pan,
  title={The Pan-STARRS1 Database and Data Products},
  author={Flewelling, HA and Magnier, EA and Chambers, KC and Heasley, JN and Holmberg, C and Huber, ME and Sweeney, W and Waters, CZ and Chen, T and Farrow, D and others},
  journal={arXiv preprint arXiv:1612.05243},
  year={2016}
}

@inproceedings{kaiser2002pan,
  title={Pan-STARRS: a large synoptic survey telescope array},
  author={Kaiser, Nicholas and Aussel, Herve and Burke, Barry E and Boesgaard, Hans and Chambers, Ken and Chun, Mark Richard and Heasley, James N and Hodapp, Klaus-Werner and Hunt, Bobby and Jedicke, Robert and others},
  booktitle={Survey and Other Telescope Technologies and Discoveries},
  volume={4836},
  pages={154--165},
  year={2002},
  organization={International Society for Optics and Photonics}
}

@inproceedings{kaiser2010pan,
  title={The Pan-STARRS wide-field optical/NIR imaging survey},
  author={Kaiser, Nick and Burgett, William and Chambers, Ken and Denneau, Larry and Heasley, Jim and Jedicke, Robert and Magnier, Eugene and Morgan, Jeff and Onaka, Peter and Tonry, John},
  booktitle={Ground-based and Airborne Telescopes III},
  volume={7733},
  pages={77330E},
  year={2010},
  organization={International Society for Optics and Photonics}
}

@article{bovy2016galactic,
  title={On Galactic Density Modeling in the Presence of Dust Extinction},
  author={Bovy, Jo and Rix, Hans-Walter and Green, Gregory M and Schlafly, Edward F and Finkbeiner, Douglas P},
  journal={The Astrophysical Journal},
  volume={818},
  number={2},
  pages={130},
  year={2016},
  publisher={IOP Publishing}
}

@article{marshall2006modelling,
  title={Modelling the Galactic interstellar extinction distribution in three dimensions},
  author={Marshall, Douglas J and Robin, AC and Reyl{\'e}, C and Schultheis, M and Picaud, S},
  journal={Astronomy \& Astrophysics},
  volume={453},
  number={2},
  pages={635--651},
  year={2006},
  publisher={EDP Sciences}
}

@article{green2015three,
  title={A three-dimensional map of milky way dust},
  author={Green, Gregory M and Schlafly, Edward F and Finkbeiner, Douglas P and Rix, Hans-Walter and Martin, Nicolas and Burgett, William and Draper, Peter W and Flewelling, Heather and Hodapp, Klaus and Kaiser, Nicholas and others},
  journal={The Astrophysical Journal},
  volume={810},
  number={1},
  pages={25},
  year={2015},
  publisher={IOP Publishing}
}

@article{drimmel2003three,
  title={A three-dimensional Galactic extinction model},
  author={Drimmel, R and Cabrera-Lavers, A and L{\'o}pez-Corredoira, M},
  journal={Astronomy \& Astrophysics},
  volume={409},
  number={1},
  pages={205--215},
  year={2003},
  publisher={EDP Sciences}
}

@article{farrow2013pan,
  title={Pan-STARRS1: Galaxy clustering in the Small Area Survey 2},
  author={Farrow, Daniel J and Cole, Shaun and Metcalfe, N and Draper, PW and Norberg, Peder and Foucaud, S{\'e}bastien and Burgett, WS and Chambers, KC and Kaiser, N and Kudritzki, RP and others},
  journal={Monthly Notices of the Royal Astronomical Society},
  volume={437},
  number={1},
  pages={748--770},
  year={2013},
  publisher={The Royal Astronomical Society}
}

@article{adam2016planck,
  title={Planck 2015 results-I. Overview of products and scientific results},
  author={Adam, R and Ade, PAR and Aghanim, N and Akrami, Y and Alves, MIR and Arg{\"u}eso, F and Arnaud, M and Arroja, F and Ashdown, M and Aumont, J and others},
  journal={Astronomy \& Astrophysics},
  volume={594},
  pages={A1},
  year={2016},
  publisher={EDP Sciences}
}

@article{sunyaev1970small,
  title={Small-scale fluctuations of relic radiation},
  author={Sunyaev, Rashid A and Zeldovich, Ya B},
  journal={Astrophysics and Space Science},
  volume={7},
  number={1},
  pages={3--19},
  year={1970},
  publisher={Springer}
}

@article{sunyaev1980velocity,
  title={The velocity of clusters of galaxies relative to the microwave background-The possibility of its measurement},
  author={Sunyaev, RA and Zeldovich, Ia B},
  journal={Monthly Notices of the Royal Astronomical Society},
  volume={190},
  pages={413--420},
  year={1980}
}

@article{goodman2010ensemble,
  title={Ensemble samplers with affine invariance},
  author={Goodman, Jonathan and Weare, Jonathan and others},
  journal={Communications in applied mathematics and computational science},
  volume={5},
  number={1},
  pages={65--80},
  year={2010},
  publisher={Mathematical Sciences Publishers}
}

@article{foreman2013emcee,
  title={emcee: the MCMC hammer},
  author={Foreman-Mackey, Daniel and Hogg, David W and Lang, Dustin and Goodman, Jonathan},
  journal={Publications of the Astronomical Society of the Pacific},
  volume={125},
  number={925},
  pages={306},
  year={2013},
  publisher={IOP Publishing}
}

@article{diemer2017colossus,
  title={COLOSSUS: A python toolkit for cosmology, large-scale structure, and dark matter halos},
  author={Diemer, Benedikt},
  journal={arXiv preprint arXiv:1712.04512},
  year={2017}
}

@ARTICLE{2005ApJ...622..759G,
   author = {{G{\'o}rski}, K.~M. and {Hivon}, E. and {Banday}, A.~J. and
	{Wandelt}, B.~D. and {Hansen}, F.~K. and {Reinecke}, M. and
	{Bartelmann}, M.},
    title = "{HEALPix: A Framework for High-Resolution Discretization and Fast Analysis of Data Distributed on the Sphere}",
  journal = {\apj},
   eprint = {arXiv:astro-ph/0409513},
 keywords = {Cosmology: Cosmic Microwave Background, Cosmology: Observations, Methods: Statistical},
     year = 2005,
    month = apr,
   volume = 622,
    pages = {759-771},
      doi = {10.1086/427976},
   adsurl = {http://adsabs.harvard.edu/abs/2005ApJ...622..759G},
  adsnote = {Provided by the SAO/NASA Astrophysics Data System}
}

@article{kerscher2000comparison,
  title={A comparison of estimators for the two-point correlation function},
  author={Kerscher, Martin and Szapudi, Istvan and Szalay, Alexander S},
  journal={The Astrophysical Journal Letters},
  volume={535},
  number={1},
  pages={L13},
  year={2000},
  publisher={IOP Publishing}
}

@article{davis1983survey,
  title={A survey of galaxy redshifts. V-The two-point position and velocity correlations},
  author={Davis, Marc and Peebles, PJE},
  journal={The Astrophysical Journal},
  volume={267},
  pages={465--482},
  year={1983}
}

@article{landy1993bias,
  title={Bias and variance of angular correlation functions},
  author={Landy, Stephen D and Szalay, Alexander S},
  journal={The Astrophysical Journal},
  volume={412},
  pages={64--71},
  year={1993}
}


@book{efron1982jackknife,
  title={The jackknife, the bootstrap, and other resampling plans},
  author={Efron, Bradley},
  volume={38},
  year={1982},
  publisher={Siam},
  series={}
}

@article{eisenstein2003deprojecting,
  title={Deprojecting densities from angular cross-correlations},
  author={Eisenstein, Daniel J},
  journal={The Astrophysical Journal},
  volume={586},
  number={2},
  pages={718},
  year={2003},
  publisher={IOP Publishing}
}

@book{geweke1991evaluating,
  title={Evaluating the accuracy of sampling-based approaches to the calculation of posterior moments},
  author={Geweke, John and others},
  year={1991},
  publisher={Federal Reserve Bank of Minneapolis, Research Department Minneapolis, MN, USA}
}

@article{heidelberger1983simulation,
  title={Simulation run length control in the presence of an initial transient},
  author={Heidelberger, Philip and Welch, Peter D},
  journal={Operations Research},
  volume={31},
  number={6},
  pages={1109--1144},
  year={1983},
  publisher={INFORMS}
}

@article{schruben1983optimal,
  title={Optimal tests for initialization bias in simulation output},
  author={Schruben, Lee and Singh, H and Tierney, L},
  journal={Operations Research},
  volume={31},
  number={6},
  pages={1167--1178},
  year={1983},
  publisher={INFORMS}
}

@article{cowles1996markov,
  title={Markov chain Monte Carlo convergence diagnostics: a comparative review},
  author={Cowles, Mary Kathryn and Carlin, Bradley P},
  journal={Journal of the American Statistical Association},
  volume={91},
  number={434},
  pages={883--904},
  year={1996},
  publisher={Taylor \& Francis}
}

@Article{coda,
  title = {CODA: Convergence Diagnosis and Output Analysis for MCMC},
  author = {Martyn Plummer and Nicky Best and Kate Cowles and Karen
      Vines},
  journal = {R News},
  year = {2006},
  volume = {6},
  number = {1},
  pages = {7--11},
  url = {https://journal.r-project.org/archive/},
  pdf = {https://www.r-project.org/doc/Rnews/Rnews_2006-1.pdf}
}

@article{klypin1983three,
  title={Three-dimensional numerical model of the formation of large-scale structure in the Universe},
  author={Klypin, AA and Shandarin, SF},
  journal={Monthly Notices of the Royal Astronomical Society},
  volume={204},
  number={3},
  pages={891--907},
  year={1983},
  publisher={Oxford University Press Oxford, UK}
}

@article{navarro1997universal,
  title={A universal density profile from hierarchical clustering},
  author={Navarro, Julio F and Frenk, Carlos S and White, Simon DM},
  journal={The Astrophysical Journal},
  volume={490},
  number={2},
  pages={493},
  year={1997},
  publisher={IOP Publishing}
}

@article{huss1999universal,
  title={How universal are the density profiles of dark halos?},
  author={Huss, Andreas and Jain, Bhuvnesh and Steinmetz, Matthias},
  journal={The Astrophysical Journal},
  volume={517},
  number={1},
  pages={64},
  year={1999},
  publisher={IOP Publishing}
}

@article{navarro2004inner,
  title={The inner structure of $\Lambda$CDM haloes--III. Universality and asymptotic slopes},
  author={Navarro, Julio F and Hayashi, Eric and Power, Chris and Jenkins, AR and Frenk, Carlos S and White, Simon DM and Springel, Volker and Stadel, Joachim and Quinn, Thomas R},
  journal={Monthly Notices of the Royal Astronomical Society},
  volume={349},
  number={3},
  pages={1039--1051},
  year={2004},
  publisher={The Royal Astronomical Society}
}

@article{moore1999dark,
  title={Dark matter substructure within galactic halos},
  author={Moore, Ben and Ghigna, Sebastiano and Governato, Fabio and Lake, George and Quinn, Thomas and Stadel, Joachim and Tozzi, Paolo},
  journal={The Astrophysical Journal Letters},
  volume={524},
  number={1},
  pages={L19},
  year={1999},
  publisher={IOP Publishing}
}

@article{cuesta2008virialized,
  title={The virialized mass of dark matter haloes},
  author={Cuesta, AJ and Prada, F and Klypin, A and Moles, M},
  journal={Monthly Notices of the Royal Astronomical Society},
  volume={389},
  number={1},
  pages={385--397},
  year={2008},
  publisher={The Royal Astronomical Society}
}


@article{umetsu2017lensing,
  title={Lensing Constraints on the Mass Profile Shape and the Splashback Radius of Galaxy Clusters},
  author={Umetsu, Keiichi and Diemer, Benedikt},
  journal={The Astrophysical Journal},
  volume={836},
  number={2},
  pages={231},
  year={2017},
  publisher={IOP Publishing}
}


@article{busch2017assembly,
  title={Assembly bias and splashback in galaxy clusters},
  author={Busch, Philipp and White, Simon DM},
  journal={Monthly Notices of the Royal Astronomical Society},
  volume={470},
  number={4},
  pages={4767--4781},
  year={2017},
  publisher={Oxford University Press}
}

@article{dark2005dark,
  title={The dark energy survey},
  author={Dark Energy Survey Collaboration},
  journal={International Journal of Modern Physics A},
  volume={20},
  number={14},
  pages={3121--3123},
  year={2005},
  publisher={World Scientific}
}

@article{zu2016level,
  title={On the level of cluster assembly bias in SDSS},
  author={Zu, Ying and Mandelbaum, Rachel and Simet, Melanie and Rozo, Eduardo and Rykoff, Eli S},
  journal={Monthly Notices of the Royal Astronomical Society},
  year={2016}
}

@article{piffaretti2011mcxc,
  title={The MCXC: a meta-catalogue of x-ray detected clusters of galaxies},
  author={Piffaretti, R and Arnaud, M and Pratt, GW and Pointecouteau, E and Melin, J-B},
  journal={Astronomy \& Astrophysics},
  volume={534},
  pages={A109},
  year={2011},
  publisher={EDP Sciences}
}

@article{voges1999rosat,
  title={The ROSAT all-sky survey bright source catalogue},
  author={Voges, Wolfgang and Aschenbach, Bernd and Boller, Thomas and Braeuninger, Heinrich and Briel, Ulrich and Burkert, Wolfgang and Dennerl, Konrad and Englhauser, Jakob and Gruber, Rainer and Haberl, Frank and others},
  journal={arXiv preprint astro-ph/9909315},
  year={1999}
}

@article{more2011overdensity,
  title={The overdensity and masses of the friends-of-friends halos and universality of halo mass function},
  author={More, Surhud and Kravtsov, Andrey V and Dalal, Neal and Gottl{\"o}ber, Stefan},
  journal={The Astrophysical Journal Supplement Series},
  volume={195},
  number={1},
  pages={4},
  year={2011},
  publisher={IOP Publishing}
}


@article{fillmore1984self,
  title={Self-similar gravitational collapse in an expanding universe},
  author={Fillmore, James A and Goldreich, Peter},
  journal={The Astrophysical Journal},
  volume={281},
  pages={1--8},
  year={1984}
}

@article{ade2014planck,
  title={Planck 2013 results. XVI. Cosmological parameters},
  author={Ade, Peter AR and Aghanim, N and Armitage-Caplan, C and Arnaud, M and Ashdown, M and Atrio-Barandela, F and Aumont, J and Baccigalupi, C and Banday, Anthony J and Barreiro, RB and others},
  journal={Astronomy \& Astrophysics},
  volume={571},
  pages={A16},
  year={2014},
  publisher={EDP Sciences}
}

@article{chang2017splashback,
  title={The Splashback Feature around DES Galaxy Clusters: Galaxy Density and Weak Lensing Profiles},
  author={Chang, Chihway and Baxter, E and Jain, B and S{\'a}nchez, C and Adhikari, S and Varga, TN and Fang, Y and Rozo, Eduardo and Rykoff, ES and Kravtsov, Andrey and others},
  journal={arXiv preprint arXiv:1710.06808},
  year={2017}
}

@article{gao2008redshift,
  title={The redshift dependence of the structure of massive $\Lambda$ cold dark matter haloes},
  author={Gao, Liang and Navarro, Julio F and Cole, Shaun and Frenk, Carlos S and White, Simon DM and Springel, Volker and Jenkins, Adrian and Neto, Angelo F},
  journal={Monthly Notices of the Royal Astronomical Society},
  volume={387},
  number={2},
  pages={536--544},
  year={2008},
  publisher={Blackwell Publishing Ltd Oxford, UK}
}

@article{kosyra2015environment,
  title={Environment-based selection effects of Planck clusters},
  author={Kosyra, Ralf and Gruen, Daniel and Seitz, Stella and Mana, Annalisa and Rozo, Eduardo and Rykoff, Eli and Sanchez, Ariel and Bender, Ralf},
  journal={Monthly Notices of the Royal Astronomical Society},
  volume={452},
  number={3},
  pages={2353--2366},
  year={2015},
  publisher={Oxford University Press}
}

@article{baxter2017halo,
  title={The Halo Boundary of Galaxy Clusters in the SDSS},
  author={Baxter, Eric and Chang, Chihway and Jain, Bhuvnesh and Adhikari, Susmita and Dalal, Neal and Kravtsov, Andrey and More, Surhud and Rozo, Eduardo and Rykoff, Eli and Sheth, Ravi K},
  journal={The Astrophysical Journal},
  volume={841},
  number={1},
  pages={18},
  year={2017},
  publisher={IOP Publishing}
}

@inproceedings{takada2010subaru,
  title={Subaru Hyper Suprime-Cam Project},
  author={Takada, Masahiro},
  booktitle={AIP Conference Proceedings},
  volume={1279},
  number={1},
  pages={120--127},
  year={2010},
  organization={AIP}
}

@phdthesis{oemler1974systematic,
  title={The systematic properties of clusters of galaxies},
  author={Oemler, Augustus},
  year={1974},
  school={California Institute of Technology}
}

@article{blanton2009physical,
  title={Physical properties and environments of nearby galaxies},
  author={Blanton, Michael R and Moustakas, John},
  journal={Annual Review of Astronomy and Astrophysics},
  volume={47},
  pages={159--210},
  year={2009},
  publisher={Annual Reviews}
}

@article{dekel2003galactic,
  title={Galactic halo cusp-core: tidal compression in mergers},
  author={Dekel, Avishai and Devor, Jonathan and Hetzroni, Guy},
  journal={Monthly Notices of the Royal Astronomical Society},
  volume={341},
  number={1},
  pages={326--342},
  year={2003},
  publisher={The Royal Astronomical Society}
}

@article{larson1980evolution,
  title={The evolution of disk galaxies and the origin of S0 galaxies},
  author={Larson, RB and Tinsley, BM and Caldwell, CN},
  journal={The Astrophysical Journal},
  volume={237},
  pages={692--707},
  year={1980}
}

@article{chung2009vla,
  title={VLA imaging of Virgo spirals in atomic gas (VIVA). I. The Atlas and the HI properties},
  author={Chung, Aeree and Van Gorkom, JH and Kenney, Jeffrey DP and Crowl, Hugh and Vollmer, Bernd},
  journal={The Astronomical Journal},
  volume={138},
  number={6},
  pages={1741},
  year={2009},
  publisher={IOP Publishing}
}

@article{hearin2015beyond,
  title={Beyond halo mass: galactic conformity as a smoking gun of central galaxy assembly bias},
  author={Hearin, Andrew P and Watson, Douglas F and Bosch, Frank C van den},
  journal={Monthly Notices of the Royal Astronomical Society},
  volume={452},
  number={2},
  pages={1958--1969},
  year={2015},
  publisher={The Royal Astronomical Society}
}

@article{fujita2004pre,
  title={Pre-processing of Galaxies before Entering a Cluster},
  author={Fujita, Yutaka},
  journal={Publications of the Astronomical Society of Japan},
  volume={56},
  number={1},
  pages={29--43},
  year={2004},
  publisher={Oxford University Press Oxford, UK}
}

@article{wetzel2013galaxy,
  title={Galaxy evolution in groups and clusters: satellite star formation histories and quenching time-scales in a hierarchical Universe},
  author={Wetzel, Andrew R and Tinker, Jeremy L and Conroy, Charlie and van den Bosch, Frank C},
  journal={Monthly Notices of the Royal Astronomical Society},
  volume={432},
  number={1},
  pages={336--358},
  year={2013},
  publisher={Oxford University Press}
}

@article{yang2006weak,
  title={Weak lensing by galaxies in groups and clusters--I. Theoretical expectations},
  author={Yang, Xiaohu and Mo, HJ and Van Den Bosch, Frank C and Jing, YP and Weinmann, Simone M and Meneghetti, M},
  journal={Monthly Notices of the Royal Astronomical Society},
  volume={373},
  number={3},
  pages={1159--1172},
  year={2006},
  publisher={The Royal Astronomical Society}
}

@article{johnston2007cross,
  title={Cross-correlation Weak Lensing of SDSS galaxy Clusters II: Cluster Density Profiles and the Mass--Richness Relation},
  author={Johnston, David E and Sheldon, Erin S and Wechsler, Risa H and Rozo, Eduardo and Koester, Benjamin P and Frieman, Joshua A and McKay, Timothy A and Evrard, August E and Becker, Matthew R and Annis, James},
  journal={arXiv preprint arXiv:0709.1159},
  year={2007}
}

@article{simet2016weak,
  title={Weak lensing measurement of the mass--richness relation of SDSS redMaPPer clusters},
  author={Simet, Melanie and McClintock, Tom and Mandelbaum, Rachel and Rozo, Eduardo and Rykoff, Eli and Sheldon, Erin and Wechsler, Risa H},
  journal={Monthly Notices of the Royal Astronomical Society},
  volume={466},
  number={3},
  pages={3103--3118},
  year={2016},
  publisher={Oxford University Press}
}

@article{cavagnolo2009vizier,
  title={VizieR Online Data Catalog: ICM entropy profiles (ACCEPT)(Cavagnolo+, 2009)},
  author={Cavagnolo, KW and Donahue, M and Voit, GM and Sun, M},
  journal={VizieR Online Data Catalog},
  volume={218},
  year={2009}
}

@article{contigiani2018weak,
  title={Weak lensing constraints on splashback around massive clusters},
  author={Contigiani, Omar and Hoekstra, Henk and Bah{\'e}, YE},
  journal={arXiv preprint arXiv:1809.10045},
  year={2018}
}

@ARTICLE{ade2016psclusters,
   author = {{Planck Collaboration} and {Ade}, P.~A.~R. and {Aghanim}, N. and
	{Arnaud}, M. and {Ashdown}, M. and {Aumont}, J. and {Baccigalupi}, C. and
	{Banday}, A.~J. and {Barreiro}, R.~B. and {Barrena}, R. and et al.},
    title = "{Planck 2015 results. XXVII. The second Planck catalogue of Sunyaev-Zeldovich sources}",
  journal = {\aap},
archivePrefix = "arXiv",
   eprint = {1502.01598},
 keywords = {cosmology: observations, galaxies: clusters: general, catalogs},
     year = 2016,
    month = sep,
   volume = 594,
      eid = {A27},
    pages = {A27},
      doi = {10.1051/0004-6361/201525823},
   adsurl = {http://adsabs.harvard.edu/abs/2016A%26A...594A..27P},
  adsnote = {Provided by the SAO/NASA Astrophysics Data System}
}

@ARTICLE{Aihara2018,
   author = {{Aihara}, H. and {Armstrong}, R. and {Bickerton}, S. and {Bosch}, J. and
	{Coupon}, J. and {Furusawa}, H. and {Hayashi}, Y. and {Ikeda}, H. and
	{Kamata}, Y. and {Karoji}, H. and {Kawanomoto}, S. and {Koike}, M. and
	{Komiyama}, Y. and {Lang}, D. and {Lupton}, R.~H. and {Mineo}, S. and
	{Miyatake}, H. and {Miyazaki}, S. and {Morokuma}, T. and {Obuchi}, Y. and
	{Oishi}, Y. and {Okura}, Y. and {Price}, P.~A. and {Takata}, T. and
	{Tanaka}, M.~M. and {Tanaka}, M. and {Tanaka}, Y. and {Uchida}, T. and
	{Uraguchi}, F. and {Utsumi}, Y. and {Wang}, S.-Y. and {Yamada}, Y. and
	{Yamanoi}, H. and {Yasuda}, N. and {Arimoto}, N. and {Chiba}, M. and
	{Finet}, F. and {Fujimori}, H. and {Fujimoto}, S. and {Furusawa}, J. and
	{Goto}, T. and {Goulding}, A. and {Gunn}, J.~E. and {Harikane}, Y. and
	{Hattori}, T. and {Hayashi}, M. and {He{\l}miniak}, K.~G. and
	{Higuchi}, R. and {Hikage}, C. and {Ho}, P.~T.~P. and {Hsieh}, B.-C. and
	{Huang}, K. and {Huang}, S. and {Imanishi}, M. and {Iwata}, I. and
	{Jaelani}, A.~T. and {Jian}, H.-Y. and {Kashikawa}, N. and {Katayama}, N. and
	{Kojima}, T. and {Konno}, A. and {Koshida}, S. and {Kusakabe}, H. and
	{Leauthaud}, A. and {Lee}, C.-H. and {Lin}, L. and {Lin}, Y.-T. and
	{Mandelbaum}, R. and {Matsuoka}, Y. and {Medezinski}, E. and
	{Miyama}, S. and {Momose}, R. and {More}, A. and {More}, S. and
	{Mukae}, S. and {Murata}, R. and {Murayama}, H. and {Nagao}, T. and
	{Nakata}, F. and {Niida}, M. and {Niikura}, H. and {Nishizawa}, A.~J. and
	{Oguri}, M. and {Okabe}, N. and {Ono}, Y. and {Onodera}, M. and
	{Onoue}, M. and {Ouchi}, M. and {Pyo}, T.-S. and {Shibuya}, T. and
	{Shimasaku}, K. and {Simet}, M. and {Speagle}, J. and {Spergel}, D.~N. and
	{Strauss}, M.~A. and {Sugahara}, Y. and {Sugiyama}, N. and {Suto}, Y. and
	{Suzuki}, N. and {Tait}, P.~J. and {Takada}, M. and {Terai}, T. and
	{Toba}, Y. and {Turner}, E.~L. and {Uchiyama}, H. and {Umetsu}, K. and
	{Urata}, Y. and {Usuda}, T. and {Yeh}, S. and {Yuma}, S.},
    title = "{First data release of the Hyper Suprime-Cam Subaru Strategic Program}",
  journal = {\pasj},
archivePrefix = "arXiv",
   eprint = {1702.08449},
 primaryClass = "astro-ph.IM",
 keywords = {astronomical databases, cosmology: observations, galaxies: general, surveys},
     year = 2018,
    month = jan,
   volume = 70,
      eid = {S8},
    pages = {S8},
      doi = {10.1093/pasj/psx081},
   adsurl = {http://adsabs.harvard.edu/abs/2018PASJ...70S...8A},
  adsnote = {Provided by the SAO/NASA Astrophysics Data System}
}

@ARTICLE{Abbott2018,
   author = {{Abbott}, T.~M.~C. and {Abdalla}, F.~B. and {Allam}, S. and
	{Amara}, A. and {Annis}, J. and {Asorey}, J. and {Avila}, S. and
	{Ballester}, O. and {Banerji}, M. and {Barkhouse}, W. and {Baruah}, L. and
	{Baumer}, M. and {Bechtol}, K. and {Becker}, M.~R. and {Benoit-L{\'e}vy}, A. and
	{Bernstein}, G.~M. and {Bertin}, E. and {Blazek}, J. and {Bocquet}, S. and
	{Brooks}, D. and {Brout}, D. and {Buckley-Geer}, E. and {Burke}, D.~L. and
	{Busti}, V. and {Campisano}, R. and {Cardiel-Sas}, L. and {arnero Rosell}, A.~C and
	{Carrasco Kind}, M. and {Carretero}, J. and {Castander}, F.~J. and
	{Cawthon}, R. and {Chang}, C. and {Conselice}, C. and {Costa}, G. and
	{Crocce}, M. and {Cunha}, C.~E. and {D'Andrea}, C.~B. and {da Costa}, L.~N. and
	{Das}, R. and {Daues}, G. and {Davis}, T.~M. and {Davis}, C. and
	{De Vicente}, J. and {DePoy}, D.~L. and {DeRose}, J. and {Desai}, S. and
	{Diehl}, H.~T. and {Dietrich}, J.~P. and {Dodelson}, S. and
	{Doel}, P. and {Drlica-Wagner}, A. and {Eifler}, T.~F. and {Elliott}, A.~E. and
	{Evrard}, A.~E. and {Farahi}, A. and {Fausti Neto}, A. and {Fernandez}, E. and
	{Finley}, D.~A. and {Fitzpatrick}, M. and {Flaugher}, B. and
	{Foley}, R.~J. and {Fosalba}, P. and {Friedel}, D.~N. and {Frieman}, J. and
	{Garc{\'{\i}}a-Bellido}, J. and {Gaz tanaga}, E. and {Gerdes}, D.~W. and
	{Giannantonio}, T. and {Gill}, M.~S.~S. and {Glazebrook}, K. and
	{Goldstein}, D.~A. and {Gower}, M. and {Gruen}, D. and {Gruendl}, R.~A. and
	{Gschwend}, J. and {Gupta}, R.~R. and {Gutierrez}, G. and {Hamilton}, S. and
	{Hartley}, W.~G. and {Hinton}, S.~R. and {Hislop}, J.~M. and
	{Hollowood}, D. and {Honscheid}, K. and {Hoyle}, B. and {Huterer}, D. and
	{Jain}, B. and {James}, D.~J. and {Jeltema}, T. and {Johnson}, M.~W.~G. and
	{Johnson}, M.~D. and {Juneau}, S. and {Kacpr zak}, T. and {Kent}, S. and
	{Khullar}, G. and {Klein}, M. and {Kovacs}, A. and {Koziol}, A.~M.~G. and
	{Krause}, E. and {Kremin}, A. and {Kron}, R. and {Kuehn}, K. and
	{Kuhlmann}, S. and {Kuropatkin}, N. and {Lahav}, O. and {Lasker}, J. and
	{Li}, T.~S. and {Li}, R.~T. and {Liddle}, A.~R. and {Lima}, M. and
	{Lin}, H. and {L{\'o}pez-Reyes}, P. and {MacCrann}, N. and {Maia}, M.~A.~G. and
	{Maloney}, J.~D. and {Manera}, M. and {March}, M. and {Marriner}, J. and
	{Marshall}, J.~L. and {Martini}, P. and {McClintock}, T. and
	{McKay}, T. and {McMahon}, R.~G. and {Melchior}, P. and {Menanteau}, F. and
	{Miller}, C.~J. and {Miquel}, R. and {Mohr}, J.~J. and {Morganson}, E. and
	{Mould}, J. and {Neilsen}, E. and {Nichol}, R.~C. and {Nidever}, D. and
	{Nikutta}, R. and {Nogueira}, F. and {Nord}, B. and {Nugent}, P. and
	{Nunes}, L. and {Ogando}, R.~L.~C. and {Old}, L. and {Olsen}, K. and
	{Pace}, A.~B. and {Palmese}, A. and {Paz-Chinch{\'o}n}, F. and
	{Peiris}, H.~V. and {Percival}, W.~J. and {Petravick}, D. and
	{Plazas}, A.~A. and {Poh}, J. and {Pond}, C. and {Por redon}, A. and
	{Pujol}, A. and {Refregier}, A. and {Reil}, K. and {Ricker}, P.~M. and
	{Rollins}, R.~P. and {Romer}, A.~K. and {Roodman}, A. and {Rooney}, P. and
	{Ross}, A.~J. and {Rykoff}, E.~S. and {Sako}, M. and {Sanchez}, E. and
	{Sanchez}, M.~L. and {Santiago}, B. and {Saro}, A. and {Scarpine}, V. and
	{Scolnic}, D. and {Scott}, A. and {Serrano}, S. and {Sevilla-Noarbe}, I. and
	{Sheldon}, E. and {Shipp}, N. and {Silveira}, M.~L. and {Smith}, R.~C. and
	{Smith}, J.~A. and {Smith}, M. and {Soares-Santos}, M. and {Sobre ira}, F. and
	{Song}, J. and {Stebbins}, A. and {Suchyta}, E. and {Sullivan}, M. and
	{Swanson}, M.~E.~C. and {Tarle}, G. and {Thaler}, J. and {Thomas}, D. and
	{Thomas}, R.~C. and {Troxel}, M.~A. and {Tucker}, D.~L. and
	{Vikram}, V. and {Vivas}, A.~K. and {Wal ker}, A.~R. and {Wechsler}, R.~H. and
	{Weller}, J. and {Wester}, W. and {Wolf}, R.~C. and {Wu}, H. and
	{Yanny}, B. and {Zenteno}, A. and {Zhang}, Y. and {Zuntz}, J.
	},
    title = "{The Dark Energy Survey Data Release 1}",
  journal = {ArXiv e-prints},
archivePrefix = "arXiv",
   eprint = {1801.03181},
 primaryClass = "astro-ph.IM",
 keywords = {Astrophysics - Instrumentation and Methods for Astrophysics, Astrophysics - Cosmology and Nongalactic Astrophysics, Astrophysics - Astrophysics of Galaxies, Astrophysics - Solar and Stellar Astrophysics},
     year = 2018,
    month = jan,
   adsurl = {http://adsabs.harvard.edu/abs/2018arXiv180103181A},
  adsnote = {Provided by the SAO/NASA Astrophysics Data System}
}

@ARTICLE{LSST2009,
   author = {{LSST Science Collaboration} and {Abell}, P.~A. and {Allison}, J. and
	{Anderson}, S.~F. and {Andrew}, J.~R. and {Angel}, J.~R.~P. and
	{Armus}, L. and {Arnett}, D. and {Asztalos}, S.~J. and {Axelrod}, T.~S. and et al.},
    title = "{LSST Science Book, Version 2.0}",
  journal = {ArXiv e-prints},
archivePrefix = "arXiv",
   eprint = {0912.0201},
 primaryClass = "astro-ph.IM",
 keywords = {Astrophysics - Instrumentation and Methods for Astrophysics, Astrophysics - Cosmology and Extragalactic Astrophysics, Astrophysics - Earth and Planetary Astrophysics, Astrophysics - Galaxy Astrophysics, Astrophysics - Solar and Stellar Astrophysics},
     year = 2009,
    month = dec,
   adsurl = {http://adsabs.harvard.edu/abs/2009arXiv0912.0201L},
  adsnote = {Provided by the SAO/NASA Astrophysics Data System}
}

@article{shi2016outer,
  title={The outer profile of dark matter haloes: an analytical approach},
  author={Shi, Xun},
  journal={Monthly Notices of the Royal Astronomical Society},
  volume={459},
  number={4},
  pages={3711--3720},
  year={2016},
  publisher={Oxford University Press}
}

@article{mansfield2017splashback,
  title={Splashback Shells of Cold Dark Matter Halos},
  author={Mansfield, Philip and Kravtsov, Andrey V and Diemer, Benedikt},
  journal={The Astrophysical Journal},
  volume={841},
  number={1},
  pages={34},
  year={2017},
  publisher={IOP Publishing}
}


@article{diemer2017splashback,
  title={The splashback radius of halos from particle dynamics. II. Dependence on mass, accretion rate, redshift, and cosmology},
  author={Diemer, Benedikt and Mansfield, Philip and Kravtsov, Andrey V and More, Surhud},
  journal={The Astrophysical Journal},
  volume={843},
  number={2},
  pages={140},
  year={2017},
  publisher={IOP Publishing}
}


@article{chandrasekhar1943dynamical,
  title={Dynamical Friction. I. General Considerations: the Coefficient of Dynamical Friction.},
  author={Chandrasekhar, Subrahmanyan},
  journal={The Astrophysical Journal},
  volume={97},
  pages={255},
  year={1943}
}

@article{diemer2017sparta,
  title={The splashback radius of halos from particle dynamics. I. The SPARTA algorithm},
  author={Diemer, Benedikt},
  journal={The Astrophysical Journal Supplement Series},
  volume={231},
  number={1},
  pages={5},
  year={2017},
  publisher={IOP Publishing}
}
